@book{bradski2008learning,
  title={Learning OpenCV: Computer vision with the OpenCV library},
  author={Bradski, Gary and Kaehler, Adrian},
  year={2008},
  publisher={" O'Reilly Media, Inc."}
}

@article{fathy1995image,
  title={An image detection technique based on morphological edge detection and background differencing for real-time traffic analysis},
  author={Fathy, Mahmood and Siyal, Mohammed Yakoob},
  journal={Pattern Recognition Letters},
  volume={16},
  number={12},
  pages={1321--1330},
  year={1995},
  publisher={Elsevier}
}

@article{hambly2001supercosmos,
  title={The SuperCOSMOS Sky Surveyâ€”II. Image detection, parametrization, classification and photometry},
  author={Hambly, NC and Irwin, MJ and MacGillivray, HT},
  journal={Monthly Notices of the Royal Astronomical Society},
  volume={326},
  number={4},
  pages={1295--1314},
  year={2001},
  publisher={Blackwell Science Ltd Oxford, UK}
}

@article{martinel2013robust,
  title={Robust painting recognition and registration for mobile augmented reality},
  author={Martinel, Niki and Micheloni, Christian and Foresti, Gian Luca},
  journal={IEEE Signal Processing Letters},
  volume={20},
  number={11},
  pages={1022--1025},
  year={2013},
  publisher={IEEE}
}

@article{rui1999image,
  title={Image retrieval: Current techniques, promising directions, and open issues},
  author={Rui, Yong and Huang, Thomas S and Chang, Shih-Fu},
  journal={Journal of visual communication and image representation},
  volume={10},
  number={1},
  pages={39--62},
  year={1999},
  publisher={Elsevier}
}
